
@article{fels_prism:_1986,
	title = {{PRISM}: {An} introduction},
	volume = {9},
	issn = {0378-7788},
	shorttitle = {{PRISM}},
	url = {http://www.sciencedirect.com/science/article/pii/0378778886900034},
	doi = {10.1016/0378-7788(86)90003-4},
	number = {1},
	urldate = {2015-10-27},
	journal = {Energy and Buildings},
	author = {Fels, Margaret F.},
	month = feb,
	year = {1986},
	pages = {5--18},
	file = {prism_intro.pdf:/Users/Clayton/Library/Application Support/Zotero/Profiles/urt936ih.default/zotero/storage/MQV96TVQ/prism_intro.pdf:application/pdf;ScienceDirect Snapshot:/Users/Clayton/Library/Application Support/Zotero/Profiles/urt936ih.default/zotero/storage/2RHQ3SJ7/0378778886900034.html:text/html}
}